%3
@Book{Denisenko,
  Title                    = {Компьютерное  управление технологическим процессом, экспериментом, оборудованием}, 
  Author                   = {В. В. Денисенко},
  Publisher                = {М.: Горячая линия–Телеком},
  Year                     = {2014},
  pages                    = {608},
  language                 = {russian},
}

%4
@Book{Antimirov,
  Title                    = {Проектирование аппаратуры систем автоматического управления : учебное пособие : в 2 ч. Ч. 1 : Создание САУ}, 
  Author                   = {В. М. Антимиров},
  Publisher                = {Екатеринбург : Изд-во Урал. ун-та},
  Year                     = {2015},
  pages                    = {92},
  language                 = {russian},
}

%2
@MISC{ASU,
    Title                  = {Проектирование АСУ ТП [Электронный ресурс]},
    Note                   = {Режим доступа: \url{http://arman-engineering.ru/info_center/articles/888}. -- Дата доступа: 30.03.2018},
    language                 = {russian},
    Timestamp              = {2018.03.30},
}

%25
@Book{Economics,
  title     = {Экономическое обоснование проекта по разработке программного обеспечения},
  publisher = {БГУИР},
  year      = {2018},
  author    = {В. Г. Горовой and А. В. Грицай and В. А. Пархименко},
  numpages  = {12},
  address   = {Минск},
  language  = {russian}
}

@book{stp,
  title     = {СТП 01-2017. Стандарт предприятия. Дипломные проекты (работы). Общие требования},
  author    = {А. Т. Доманов and Н. И. Сорока},
  publisher = {БГУИР},
  year      = {2017},
  numpages  = {169},
  address   = {Минск},
  language  = {russian}
}

@MISC{ArcSight,
    Title                  = {SIEM система Micro Focus ArcSight [Электронный ресурс]},
    Note                   = {Режим доступа: \url{https://www.anti-malware.ru/reviews/Micro-Focus-ArcSight}. -- Дата доступа: 14.04.2019},
    language                 = {russian},
    Timestamp              = {2019.04.14},
}

@MISC{Kaspersky,
    Title                  = {SIEM система Kaspersky [Электронный ресурс]},
    Note                   = {Режим доступа: \url{https://www.anti-malware.ru/reviews/Kaspersky-Unified-Monitoring-and-Analysis-Platform}. -- Дата доступа: 26.03.2017},
    language                 = {russian},
    Timestamp              = {2017.03.26},
}

@Book{Rodichev,
  Title                    = {Нормативная база и стандарты в области информационной безопасности.}, 
  Author                   = {Ю. А. Родичев},
  Year                     = {2017},
  pages                    = {256},
  language                 = {russian},
}

@Book{BB,
  Title                    = {Информационная безопасность и защита.}, 
  Author                   = {Е. К. Баранова,  А. В. Бабаш},
  Year                     = {2017},
  pages                    = {324},
  language                 = {russian},
}

@MISC{AD,
    Title                  = {Microsoft Active Directory [Electronic resource]},
    Note                   = {Mode of access: \url{https://www.lepide.com/blog/what-is-active-directory-and-how-does-it-work/}. -- Date of access: 17.05.2018},
    language                 = {english},
    Timestamp              = {2018.03.25},
}

@MISC{Cisco,
    Title                  = {Cisco MARS Wikipedia [Electronic resource]},
    Note                   = {Mode of access: \url{https://en.wikipedia.org/wiki/Cisco_Security_Monitoring,_Analysis,_and_Response_System}. -- Date of access: 08.08.2019},
    language                 = {english},
    Timestamp              = {2019.08.08},
}

@MISC{CiskoWIKI,
    Title                  = {Cisco MARS [Electronic resource]},
    Note                   = {Mode of access: \url{https://manualzz.com/doc/30336013/user-guide-for-cisco-security-mars-local-and-global-contr}. -- Date of access: 12.11.2017},
    language                 = {english},
    Timestamp              = {2017.11.12},
}

@Book{kakoito_english_book2,
  Title                    = {The Social Engineer's Playbook: A Practical Guide to Pretexting}, 
  Author                   = {J. Talamantes},
  Year                     = {2014},
  pages                    = {148},
  edition                  = {Kindle},    
  language                 = {english},
}

@MISC{SystemSIEM,
    Title                  = {Системы информационной безопасности [Электронный ресурс]},
    Note                   = {Режим доступа: \url{https://habr.com/ru/company/roi4cio/blog/528770/}. -- Дата доступа: 30.04.2018},
    language                 = {russian},
    Timestamp              = {2018.04.30},
}

@MISC{Audit,
    Title                  = {Information security audit article [Electronic resource]},
    Note                   = {Mode of access: \url{https://en.wikipedia.org/wiki/Information_security_audit}. -- Date of access: 25.11.2017},
    language                 = {english},
    Timestamp              = {2017.11.25},
}

@Book{Nesterov,
  Title                    = {Основы информационной безопасности.}, 
  Author                   = {С. А. Нестеров},
  Year                     = {2016},
  pages                    = {324},
  language                 = {russian},
}

@Book{Birykov,
  Title                    = {Информационная безопасность. Защита и нападение}, 
  Author                   = {А. А. Бирюков},
  Year                     = {2017},
  pages                    = {245},
  edition                  = {2-е},
  language                 = {russian},
}

@Book{Bondarev,
  Title                    = {Введение в информационную безопасность автоматизированных систем.}, 
  Author                   = {В. Бондарев},
  Year                     = {2016},
  pages                    = {310},
  language                 = {russian},
}

@MISC{MaxPatrol,
    Title                  = {Система информационной безопасности MaxPatrol SIEM [Электронный ресурс]},
    Note                   = {Режим доступа: \url{https://www.anti-malware.ru/reviews/MaxPatrol_SIEM}. -- Дата доступа: 25.10.2016},
    language                 = {russian},
    Timestamp              = {2016.10.25},
}

%24
@MISC{PDL,
    Title                  = {Pdl [Electronic resource]},
    Note                   = {Mode of access: \url{http://www.agat.by/products/defence-products/technology/pdl/}. -- Date of access: 25.03.2018},
    language                 = {english},
    Timestamp              = {2018.03.25},
}

%17
@MISC{DCE,
    Title                  = {Introduction to DCE [Electronic resource]},
    Note                   = {Mode of access: \url{http://www-01.ibm.com/software/network/dce/library/publications/dceaix_22/a3u2s/A3U2SM21.HTM}. -- Date of access: 25.03.2018},
    language                 = {english},
    Timestamp              = {2018.03.25},
}

%18
@Book{doe:Dce,
  Title                    = {Dce: A Guide to Developing Portable Applications}, 
  Author                   = {M. T. Peterson},
  Publisher                = {Computing McGraw-Hill},
  Year                     = {1995},
  pages                    = {608},
  edition                  = {1st},    
  language                 = {english},
}

%19
@Book{Guide_Dce,
  Title                    = {Guide to Writing DCE Applications}, 
  Author                   = {W. Hu and D. Magid and J. Shirley},
  Publisher                = {O'Reilly Media},
  series = {Osf Distributed Computing Environment},
  Year                     = {1992},
  pages                    = {459},
  edition                  = {2st},    
  language                 = {english},
}

%23
@MISC{OMG2,
    Title                  = {10 Introduction to OMG IDL [Electronic resource]},
    Note                   = {Mode of access: \url{https://mhanckow.students.wmi.amu.edu.pl/corba/IDL.html}. -- Date of access: 17.05.2018},
    language                 = {english},
    Timestamp              = {2018.03.25},
}

%20
@MISC{MIDL1,
    Title                  = {Microsoft Interface Definition Language [Electronic resource]},
    Note                   = {Mode of access: \url{https://msdn.microsoft.com/en-us/library/windows/desktop/aa367091}. -- Date of access: 17.05.2018},
    language                 = {english},
    Timestamp              = {2018.03.25},
}

%21
@MISC{MIDL2,
    Title                  = {MIDL (Microsoft Interface Definition Language) [Electronic resource]},
    Note                   = {Mode of access: \url{https://ru.bmstu.wiki/MIDL_(Microsoft_Interface_Definition_Language)}. -- Date of access: 17.05.2018},
    language                 = {english},
    Timestamp              = {2018.03.25},
}